@article{,
  title = {quanteda: An R package for the quantitative analysis of textual data},
  journal = {Journal of Open Source Software},
  author = {Kenneth Benoit and Kohei Watanabe and Haiyan Wang and Paul Nulty and Adam Obeng and Stefan Müller and Akitaka Matsuo},
  doi = {10.21105/joss.00774},
  url = {https://quanteda.io},
  volume = {3},
  number = {30},
  pages = {774},
  year = {2018},
}

@book{devries:2020,
  author = {Catherine De Vries and Sara Hobolt},
  year = {2020},
  title = {Political Entrepreneurs: The Rise of Challenger Parties in Europe},
  publisher = {Princeton University Press}
}

@book{freeden:1998,
    author = {Freeden, Michael},
    title = {Ideologies and Political Theory: A Conceptual Approach},
    publisher = {Oxford University Press},
    year = {1998}
}

@article{lembcke:2014,
  author = {Oliver Lembcke},
  year = {2014},
  pages = {147--159},
  title = {{Kein Ende in Sicht. Zur Rolle der Ideologie in der Politik - aus Sicht der Politischen Theorie}},
  volume = {24},
  journal = {Zeitschrift für Politikwissenschaft}
}

@article{freeden:2006,
  author = {Michael Freeden},
  title = {Ideology and political theory},
  journal = {Journal of Political Ideologies},
  volume = {11},
  number = {1},
  pages = {3-22},
  year = {2006},
  publisher = {Routledge}
}

@incollection{canovan:2002,
  title={{Taking Politics to the People: Populism as the Ideology of Democracy}},
  author={Margaret Canovan},
  booktitle={Democracies and the Populist Challenge},
  editor={Yves Mény and Yves Surel},
  publisher={Palgrave Macmillan},
  pages={25--44},
  year={2002}
}